<?xml version="1.0" encoding="UTF-8"?><collection xmlns="http://www.loc.gov/MARC21/slim"><record><leader>00348nam--2200121-i-4500</leader><controlfield tag="001">000004580</controlfield><controlfield tag="002">20161230</controlfield><controlfield tag="005">20161230201026</controlfield><controlfield tag="008">060222s1000------------r-----000-0-eng-d</controlfield><datafield ind1=" " ind2=" " tag="100"><subfield code="a">Chambadal,P.</subfield></datafield><datafield ind1=" " ind2=" " tag="245"><subfield code="a">Les diagrammes enthalpie-entropie.applications a l air et aux gaz de combustion</subfield></datafield><datafield ind1=" " ind2=" " tag="260"><subfield code="a">Paris,Dunod,1953. 50p.+iii Diagrame</subfield></datafield><datafield ind1=" " ind2=" " tag="852"><subfield code="a">13947</subfield></datafield></record></collection>